<?xml version="1.0" encoding="utf-8"?>
<record xmlns="http://www.loc.gov/MARC21/slim" xmlns:xsi="http://www.w3.org/2001/XMLSchema-instance" xsi:schemaLocation="http://www.loc.gov/MARC21/slim http://www.loc.gov/standards/marcxml/schema/MARC21slim.xsd">
	<leader>     nam a22        4500</leader>
	<controlfield tag="001">3063277</controlfield>
	<controlfield tag="003">NNC</controlfield>
	<controlfield tag="006">m        d        </controlfield>
	<controlfield tag="007">cr cn |||m|||a</controlfield>
	<controlfield tag="008">150603s1938    ua      ob    000 0 ara d</controlfield>
	<datafield ind1=" " ind2=" " tag="040">
		<subfield code="a">NNU</subfield>
		<subfield code="b">eng</subfield>
		<subfield code="e">rda</subfield>
		<subfield code="c">NNU</subfield>
	</datafield>
	<datafield ind1=" " ind2="4" tag="050">
		<subfield code="a">KBP3534</subfield>
		<subfield code="b">.S539 1938</subfield>
	</datafield>
	<datafield ind1="1" ind2=" " tag="100">
		<subfield code="6">880-01</subfield>
		<subfield code="a">Shaybānī, Muḥammad ibn al-Ḥasan,</subfield>
		<subfield code="d">approximately 750-804 or 805.</subfield>
	</datafield>
	<datafield ind1="1" ind2="3" tag="245">
		<subfield code="6">880-02</subfield>
		<subfield code="a">al-Iktisāb fī al-rizq al-mustaṭāb /</subfield>
		<subfield code="c">taʼlīf Muḥammad ibn al-Ḥasan al-Shībānī ; talkhīṣ tilmīdhihi Muḥammad ibn Samāʻah ; ʻarrafa al-kitāb wa-tarjama lil-muʼallif wa-ʻallaqa ḥawāshiyah Maḥmūd ʻArnūs ; nasharahu wa-rājaʻa aṣlahu wa-ṣaḥḥaḥahu ʻ̣Izzat al-ʻAṭṭār.</subfield>
	</datafield>
	<datafield ind1=" " ind2=" " tag="250">
		<subfield code="6">880-03</subfield>
		<subfield code="a">al-Ṭabʻah 1.</subfield>
	</datafield>
	<datafield ind1=" " ind2=" " tag="260">
		<subfield code="6">880-04</subfield>
		<subfield code="a">[Cairo] :</subfield>
		<subfield code="b">Maṭbaʻat al-Anwār,</subfield>
		<subfield code="c">1938.</subfield>
	</datafield>
	<datafield ind1=" " ind2=" " tag="300">
		<subfield code="a">online resource (89 pages)</subfield>
	</datafield>
	<datafield ind1=" " ind2=" " tag="336">
		<subfield code="a">text</subfield>
		<subfield code="2">rdacontent</subfield>
	</datafield>
	<datafield ind1=" " ind2=" " tag="337">
		<subfield code="a">computer</subfield>
		<subfield code="2">rdamedia</subfield>
	</datafield>
	<datafield ind1=" " ind2=" " tag="338">
		<subfield code="a">online resource</subfield>
		<subfield code="2">rdacarrier</subfield>
	</datafield>
	<datafield ind1=" " ind2=" " tag="500">
		<subfield code="a">Part of the Arabic Collections Online (ACO) project, contributed by Columbia University Libraries.</subfield>
	</datafield>
	<datafield ind1=" " ind2=" " tag="504">
		<subfield code="a">Includes bibliographical references.</subfield>
	</datafield>
	<datafield ind1=" " ind2=" " tag="533">
		<subfield code="a">Electronic reproduction.</subfield>
		<subfield code="b">New York, N.Y. :</subfield>
		<subfield code="c">New York University,</subfield>
		<subfield code="d">2015.</subfield>
		<subfield code="5">NNU</subfield>
	</datafield>
	<datafield ind1=" " ind2="0" tag="650">
		<subfield code="a">Money (Islamic law)</subfield>
	</datafield>
	<datafield ind1=" " ind2="0" tag="650">
		<subfield code="a">Money</subfield>
		<subfield code="x">Religious aspects</subfield>
		<subfield code="x">Islam.</subfield>
	</datafield>
	<datafield ind1=" " ind2="0" tag="650">
		<subfield code="a">Muslims</subfield>
		<subfield code="x">Conduct of life.</subfield>
	</datafield>
	<datafield ind1=" " ind2="0" tag="650">
		<subfield code="a">Islamic ethics.</subfield>
	</datafield>
	<datafield ind1=" " ind2="7" tag="650">
		<subfield code="a">Islamic ethics.</subfield>
		<subfield code="2">fast</subfield>
		<subfield code="0">(OCoLC)fst00979936</subfield>
	</datafield>
	<datafield ind1=" " ind2="7" tag="650">
		<subfield code="a">Money (Islamic law)</subfield>
		<subfield code="2">fast</subfield>
		<subfield code="0">(OCoLC)fst01025314</subfield>
	</datafield>
	<datafield ind1=" " ind2="7" tag="650">
		<subfield code="a">Money</subfield>
		<subfield code="x">Religious aspects</subfield>
		<subfield code="x">Islam.</subfield>
		<subfield code="2">fast</subfield>
		<subfield code="0">(OCoLC)fst01025299</subfield>
	</datafield>
	<datafield ind1=" " ind2="7" tag="650">
		<subfield code="a">Muslims</subfield>
		<subfield code="x">Conduct of life.</subfield>
		<subfield code="2">fast</subfield>
		<subfield code="0">(OCoLC)fst01031037</subfield>
	</datafield>
	<datafield ind1="1" ind2=" " tag="700">
		<subfield code="6">880-05</subfield>
		<subfield code="a">ʻArnūs, Muḥmūd.</subfield>
	</datafield>
	<datafield ind1="1" ind2=" " tag="700">
		<subfield code="6">880-06</subfield>
		<subfield code="a">ʻAṭṭār, ʻIzzat.</subfield>
	</datafield>
	<datafield ind1="1" ind2=" " tag="700">
		<subfield code="6">880-07</subfield>
		<subfield code="a">Samāʻah, Muḥammad ibn.</subfield>
	</datafield>
	<datafield ind1="2" ind2=" " tag="710">
		<subfield code="a">Columbia University.</subfield>
		<subfield code="b">Libraries.</subfield>
	</datafield>
	<datafield ind1="0" ind2=" " tag="730">
		<subfield code="a">Arabic Collections Online.</subfield>
	</datafield>
	<datafield ind1="0" ind2="8" tag="776">
		<subfield code="i">Print version:</subfield>
		<subfield code="a">Shaybānī, Muḥammad ibn al-Ḥasan, approximately 750-804 or 805.</subfield>
		<subfield code="t">al-Iktisāb fī al-rizq al-mustaṭāb</subfield>
		<subfield code="w">(NNC)3063277</subfield>
		<subfield code="w">(OCoLC)82673038</subfield>
	</datafield>
	<datafield ind1="4" ind2="0" tag="856">
		<subfield code="u">http://hdl.handle.net/2333.1/79cnp7vj</subfield>
	</datafield>
	<datafield ind1="1" ind2=" " tag="880">
		<subfield code="6">100-01/r</subfield>
		<subfield code="a">شيباني، محمد بن الحسن.</subfield>
	</datafield>
	<datafield ind1="1" ind2="2" tag="880">
		<subfield code="6">245-02/r</subfield>
		<subfield code="a">الإكتساب في الرزق المستطاب /</subfield>
		<subfield code="c">تأليف محمد بن الحسن الشيباني ؛ تلخيص تلميذه محمد بن سماعه ؛ عرف الكتاب وترجم للمؤلف وعلق حواشية محمود عرنوس ؛ نشره وراجع أصله وصححه عزة العطار.</subfield>
	</datafield>
	<datafield ind1=" " ind2=" " tag="880">
		<subfield code="6">250-03/r</subfield>
		<subfield code="a">الطبعة 1.</subfield>
	</datafield>
	<datafield ind1=" " ind2=" " tag="880">
		<subfield code="6">260-04/r</subfield>
		<subfield code="a">[Cairo] :</subfield>
		<subfield code="b">مطبعة الأنوار،</subfield>
		<subfield code="c">1938.</subfield>
	</datafield>
	<datafield ind1="1" ind2=" " tag="880">
		<subfield code="6">700-05/r</subfield>
		<subfield code="a">عرنوس، محمود.</subfield>
	</datafield>
	<datafield ind1="1" ind2=" " tag="880">
		<subfield code="6">700-06/r</subfield>
		<subfield code="a">عطار، عزة.</subfield>
	</datafield>
	<datafield ind1="1" ind2=" " tag="880">
		<subfield code="6">700-07/r</subfield>
		<subfield code="a">سماعه، محمد بن.</subfield>
	</datafield>
	<datafield ind1=" " ind2=" " tag="959">
		<subfield code="a">NNU</subfield>
		<subfield code="b">WEB</subfield>
		<subfield code="c">GENI</subfield>
		<subfield code="t">0</subfield>
		<subfield code="m">Electronic access</subfield>
		<subfield code="s">01</subfield>
	</datafield>
	<datafield ind1=" " ind2=" " tag="999">
		<subfield code="i">NNC_3063277</subfield>
		<subfield code="o">(OCoLC)ocm82673038 </subfield>
		<subfield code="s">columbia_aco000561</subfield>
	</datafield>
</record>
